@Book{adams:1980,
  author = 	 {Douglas Adams},
  title = 	 {The Hitchhiker's Guide to the Galaxy},
  publisher = 	 {Harmony Books, New York},
  year = 	 {1980}
}
@Book{bratko:90,
  title =    "{PROLOG} Programming for Artificial Intelligence",
  author =    "Ivan Bratko",
  publisher =    "Addison-Wesley",
  year =     "1990",
  edition =     "2nd",
  bibdate =    "2002-01-03",
  ISBN =     "0-201-41606-9",
}
@Article{dijkstra:59,
  author =      {Edsger W. Dijkstra},
  title =      {A note on two problems in connexion with graphs},
  journal =      {Numerische Mathematik},
  year =      {1959},
  volume =      {1},
  pages =      {269--271},
}
@Book{flanagan:2008,
  author = 	 {David Flanagan and Yukihiro Matsumoto},
  title = 	 {The Ruby Programming Language},
  publisher = 	 {O'Reilly},
  year = 	 {2008},
}
@Book{friedl:2006,
  author =    "Jeffrey E. F. Friedl",
  title =    "Mastering Regular Expressions",
  publisher =    "O'Reilly \& Associates",
  year =     "2006",
  edition =    "{3rd}",
}
@Book{hopcroft:06,
  author =    "John E. Hopcroft and Rajeev Motwani and Jeffrey D. Ullman",
  title =    "Introduction to Automata Theory, Languages, and Computation",
  publisher =    "Addison-Wesley",
  EDITION   =   {3rd},
  year =     "2006",
}
@TechReport{klein:2009,
  author = "Gerwin Klein",
  title  = "{JFlex User's Manual: Version 1.4.3}",
  year   = "2009",
  institution = {Technische Universit\"at M\"unchen},
  note   = "Available at: \texttt{http://jflex.de/jflex.pdf}",
}
@TechReport{lesk:1975,
  key =      "Lesk",
  title =    "Lex -- {A} Lexical Analyzer Generator",
  author =    "Michael E. Lesk",
  institution = "Bell Laboratories",
  address =    "Murray Hill, New Jersey",
  type =     "Comp. Sci. Tech. Rep. No.",
  number =    "39",
  year =     "1975",
}
@Book{milner:90,
  author = 	 {Robin Milner and Mads Tofte and Robert Harper},
  title = 	 {The Definition of Standard ML},
  publisher = 	 {MIT Press},
  year = 	 {1990},
}
@TechReport{schwartz:1970,
  author = 	 {Jacob T. Schwartz},
  title = 	 {Set Theory as a Language for Program Specification and Programming},
  institution =  {Courant Institute of Mathematical Sciences, New York University},
  year = 	 {1970},
}
@book{setl86,
 author = {J. T. Schwartz and R. B. Dewar and E. Schonberg and E. Dubinsky},
 title = {Programming With Sets: An Introduction to SETL},
 year = {1986},
 isbn = {0-387-96399-5},
 publisher = {Springer-Verlag},
 }
@TechReport{snyder90b,
  author =    "W.~Kirk Snyder",
  title =    "The {Setl2} Programming Language: Update on Current Developments",
  year =     "1990",
  institution =  {Courant Institute of Mathematical Sciences, New York University},
  note =     "Available at \\ \texttt{ftp://cs.nyu.edu/pub/languages/setl2/doc/2.2/update.ps}",
}
@TechReport{sussman:75,
    author = {Gerald Jay Sussman and Guy L. Steele},
    title = {Scheme: An interpreter for extended lambda calculus},
    institution = {MIT AI LAB},
    year = {1975},
}
@Book{sterling86,
  author =    "Leon Sterling and Ehud Shapiro",
  year =     "1986",
  title =    "The Art of Prolog",
  publisher = "MIT Press",
}
@Book{sterling:94,
  title =    "The Art of Prolog - Advanced Programming Techniques, 2nd Ed",
  author =    "Leon Sterling and Ehud Y. Shapiro",
  publisher =    "MIT Press",
  year =     "1994",
}
@Book{sedgewick:11,
  author =      {Robert Sedgewick and Kevin Wayne},
  title =      {Algorithms in \textsl{Java}},
  publisher =      {Pearson},
  edition =     "4th",
  year =      {2011},
}
@TechReport{vanRossum:95,
  author = 	 {Guido van Rossum},
  title = 	 {Python Tutorial},
  institution =  {Centrum Wiskunde \& Informatica, Amsterdam},
  year = 	 {1995},
  key = 	 {CS-R9526},
}
@Book{Wall92,
  author =	"Larry Wall and Randal L.~Schwartz",
  title =	"Programming Perl.",
  publisher =	"O'Reilly and Assoc.",
  year = 	"1992",
  keywords =	"Perl, book, text, string processing, programming
		 language, computing, c1992, c199x, c19xx",
}
@Book{definiteAssignmentAnalysis:Online,
  author =	"J. Gosling, B. Joy, G. Steele, G. Bracha",
  title =	 "The Java Language Specification, 3rd Edition",
  year = 	"2008",
}
@Book{liveVariableAnalysis:Online,
  author =	"Whaley",
  title =	"Datalog with Binary Decision Diagrams for Program Analysis",
  year = 	"2004",
}
@Book{CollatzConjecture:Online,
  author =	"Guy, Richard K.",
  title =	"Unsolved problems in number theory (3rd ed.)",
  publisher =	"Springer-Verlag",
  year = 	"2004",
}
@Book{RegularExpressions,
  author =	"Aho, Alfred V",
  title =	"Algorithms for finding patterns in strings",
  publisher =	" The MIT Press.",
  year = 	"1990",
}